@inproceedings{callahan,
 author = {Callahan, David and Kennedy, Ken and Porterfield, Allan},
 title = {Software Prefetching},
 booktitle = {Proceedings of the Fourth International Conference on Architectural Support for Programming Languages and Operating Systems},
 series = {ASPLOS IV},
 year = {1991},
 isbn = {0-89791-380-9},
 location = {Santa Clara, California, USA},
 pages = {40--52},
 numpages = {13},
 url = {http://doi.acm.org/10.1145/106972.106979},
 doi = {10.1145/106972.106979},
 acmid = {106979},
 publisher = {ACM},
 address = {New York, NY, USA},
}

@inproceedings{cahoon2001,
 author={B. Cahoon and K. S. McKinley},
 booktitle={Proceedings 2001 International Conference on Parallel Architectures and Compilation Techniques},
 title={Data flow analysis for software prefetching linked data structures in Java},
 year={2001},
 volume={},
 number={},
 pages={280-291},
 keywords={data structures;storage management;data flow analysis;Java;program compilers;software performance evaluation;data flow analysis;software data prefetching;linked data structures;Java programs;compile-time analysis;pointer-based codes;object-oriented language features;regular accesses;intra-procedural analysis;inter-procedural analysis;greedy prefetching;jump-pointer prefetching;performance improvement;Data analysis;Prefetching;Data structures;Java;Delay;Algorithm design and analysis;Program processors;Computer science;Software performance;Object oriented modeling},
 doi={10.1109/PACT.2001.953309},
 ISSN={1089-796X},
 month={Sept},
}

@inproceedings{cahoon2002,
 author = {Cahoon, Brendon and McKinley, Kathryn S.},
 title = {Simple and Effective Array Prefetching in Java},
 booktitle = {Proceedings of the 2002 Joint ACM-ISCOPE Conference on Java Grande},
 series = {JGI '02},
 year = {2002},
 isbn = {1-58113-599-8},
 location = {Seattle, Washington, USA},
 pages = {86--95},
 numpages = {10},
 url = {http://doi.acm.org/10.1145/583810.583820},
 doi = {10.1145/583810.583820},
 acmid = {583820},
 publisher = {ACM},
 address = {New York, NY, USA},
 keywords = {Java, array prefetching, memory optimization, static analysis},
}

@misc{oracle,
 author = {P. Sandoz},
 title = {JDK-8068977: Remove unused sun.misc.Unsafe prefetch intrinsic support},
 year = {2015},
 howpublished = {\url{https://bugs.openjdk.java.net/browse/JDK-8068977}},
}

@misc{javacPlugins,
 title = {Module jdk.compiler},
 year = {2018},
 howpublished = {\url{https://docs.oracle.com/en/java/javase/11/docs/api/jdk.compiler/module-summary.html}},
}

@misc{javacAST,
 title = {Package com.sun.source.tree},
 year = {2018},
 howpublished = {\url{https://docs.oracle.com/en/java/javase/11/docs/api/jdk.compiler/com/sun/source/tree/package-summary.html}},
}

@misc{cyclist,
 author = {N. Gorogiannis},
 title = {Cyclist Benchmarks},
 year = {2016},
 howpublished = {\url{https://github.com/ngorogiannis/cyclist/tree/master/benchmarks/whl_abd}},
}

@misc{jayhorn,
 title = {Jayhorn Benchmarks},
 year = {2018},
 howpublished = {\url{https://github.com/sosy-lab/sv-benchmarks/tree/master/java/jayhorn-recursive}},
}

@misc{jvmGc,
 author = {{\relax Sun Microsystems, Inc}},
 title = {Memory Management in the Java HotSpot Virtual Machine},
 year = {2006},
 howpublished = {\url{https://www.oracle.com/technetwork/java/javase/memorymanagement-whitepaper-150215.pdf}},
}
